@InProceedings{Anderson95,
	author = "Thomas E. Anderson and Michael D. Dahlin and Jeanna M. Neefe and David A. Patterson and Drew S. Roselli and Randolph Y. Wang",
	title = "Serverless Network File Systems",
	booktitle = "Proc.\ of the 15th Symposium on Operating Systems Principles",
	year = "1995",
	pages = "109--126",
	address = "Copper Mountain Resort, Colorado",
}

@InProceedings{Baumann09,
	author = "Baumann, Andrew and Barham, Paul and Dagand, Pierre-Evariste and Harris, Tim and Isaacs, Rebecca and Peter, Simon and Roscoe, Timothy and Sch{\"u}pbach, Adrian and Singhania, Akhilesh",
	title = "The {M}ultikernel: a New {OS} Architecture for Scalable Multicore Systems",
	booktitle = "Proc.\ of the 22nd ACM SIGOPS Symposium on Operating Systems Principles",
	address = "Big Sky, Montana, USA",
	year = 2009,
	pages = "29--44",
	isbn = "978-1-60558-752-3",
	doi = "10.1145/1629575.1629579",
}

@Manual{Biblioteca11,
	organization = "Biblioteca da UNISINOS",
	title = "Guia para Elabora{\c{c}}{\~a}o de Trabalhos Acad{\^e}micos (Artigo de Peri{\'o}dico, Disserta{\c{c}}{\~a}o, Projeto, Trabalho de Conclus{\~a}o de Curso e Tese)",
	address = "S{\~a}o Leopoldo",
	publisher = "Biblioteca da UNISINOS",
	year = 2011,
	note = "Dispon{\'\i}vel em: $<$http://www.unisinos.br/biblioteca/images/stories/downloads/guia\_biblioteca\_abnt\_2011.pdf$>$. Acesso em: 15 jun.~2011",
}

@Manual{Biblioteca12,
	organization = "Biblioteca da UNISINOS",
	title = "Guia para Elabora{\c{c}}{\~a}o de Trabalhos Acad{\^e}micos (Artigo de Peri{\'o}dico, Disserta{\c{c}}{\~a}o, Projeto, Relat{\'o}rio T{\'e}cnico e/ou Cient{\'\i}fico, Trabalho de Conclus{\~a}o de Curso e Tese)",
	address = "S{\~a}o Leopoldo",
	publisher = "Biblioteca da UNISINOS",
	year = 2012,
	note = "Dispon{\'\i}vel em: $<$http://www.unisinos.br/biblioteca/images/stories/downloads/guia-biblioteca-2012-v2.pdf$>$. Acesso em: set.~2012",
}

@Book{Buford09,
	author = "John F. Buford and Heather Yu and Eng Keong Lua",
	title = "{P2P}: Networking and Applications",
	address = "Burlington, MA",
	publisher = "Morgan Kaufmann",
	year = 2009,
}

@Misc{Cham12,
	author = "Jorge Cham",
	title = "Ph{D} Comics",
	year = 2012,
	note = "Dispon{\'\i}vel em: <http://phd.stanford.edu/comics>. Acesso em: ago.~2012",
}

@PhDThesis{Flaumann05,
	author = "Fritz Gutenberg Flaumann",
	title = "Uma Proposta de Distribui{\c{c}}{\~a}o do Servidor de {GNU}s em Clusters",
	school = "Programa de P{\'o}s-Gradua{\c{c}}{\~a}o em Computa{\c{c}}{\~a}o, UFRGS",
	address = "Porto~Alegre",
	year = 2005,
	pages = 125,
}

@Article{Hayes08,
	author = "Brian Hayes",
	title = "Cloud Computing",
	journal = "Communications of the ACM",
	volume = 51,
	number = 7,
	address = "New York",
	month = jul,
	year = 2008,
	pages = "9--11",
	doi = "10.1145/1364782.1364786",
}

@InProceedings{Hermann06b,
	author = "E. Hermann and R. B. {\'A}vila and P. Navaux and Y. Denneulin",
	title = "Metaserver Locality and Scalability in a Distributed {NFS}",
	pages = "145--157",
	doi = "10.1007/978-3-540-71351-7_12",
	series = "Lecture Notes in Computer Science",
	volume = 4395,
	year = 2007,
	booktitle = "Proc.\ of the 7th~International Meeting on High Performance Computing for Computational Science, VECPAR~2006",
	address = "Rio de Janeiro",
}

@Misc{Hexsel11,
	author = "R. Hexsel",
	title = "Pequeno Manual da Escrita T{\'e}cnica",
	year = 2011,
	note = "Dispon{\'\i}vel em: $<$http://www.inf.ufpr.br/info/techrep/RT\_DINF004\_2004.pdf$>$. Acesso em: 1 maio 2011",
}

@Book{Kurose10ptbr,
	author = "James F. Kurose and Keith W. Ross",
	title = "Redes de Computadores e a {I}nternet: uma Abordagem Top-down",
	address = "S{\~a}o~Paulo",
	publisher = "Addison Wesley",
	year = 2010,
	edition = "Fifth",
}

@InProceedings{Laadan10,
	author = "Oren Laadan and Jason Nieh",
	title = "Operating System Virtualization: Practice and Experience",
	booktitle = "Proceedings of the 3rd Annual Haifa Experimental Systems Conference",
	address = "Haifa, Israel",
	year = 2010,
	isbn = "978-1-60558-908-4",
	doi = "10.1145/1815695.1815717",
}

@Article{Lawton08,
	author = "George Lawton",
	title = "Moving the {OS} to the Web",
	journal = "IEEE Computer",
	volume = 41,
	number = 3,
	address = "Los Alamitos",
	month = mar,
	year = 2008,
	pages = "16--19",
	doi = "10.1109/MC.2008.94",
}

@Misc{Moro11,
	author = "Moro, M.",
	title = "A Arte de Escrever Artigos Cient{\'\i}ficos",
	year = 2011,
	note = "Dispon{\'\i}vel em: $<$http://homepages.dcc.ufmg.br/$\sim$mirella/doku.php?id=escrita$>$. Acesso em: 1 maio 2011",
}

@Manual{NBR6023:2002,
	organization = "Associa{\c{c}}{\~a}o Brasileira de Normas T{\'e}cnicas",
	title = "{NBR}~6023: Informa{\c{c}}{\~a}o e Documenta{\c{c}}{\~a}o -- Refer{\^e}ncias -- Elabora{\c{c}}{\~a}o",
	address = "Rio de Janeiro",
	year = 2002,
}

@Book{Tanenbaum03,
	author = "Andrew S. Tanenbaum",
	title = "Computer Networks",
	booktitle = "Computer Networks",
	publisher = "Prentice Hall PTR",
	year = 2003,
	address = "Upper Saddle River",
	edition = "Fourth",
	pages = 892,
}

@InBook{Tanenbaum03cap5,
	crossref = "Tanenbaum03",
	title = "The Network Layer",
	chapter = 5,
	pages = "343--480",
}

@MastersThesis{Teixeira09,
	author = "Marcelo Alves Teixeira",
	title = "lattes2latex: Uma Ferramenta para Conversão de Currículos {L}attes em Documentos {L}a{T}e{X}",
	year = 2009,
	type = "Trabalho de Conclus{\~a}o de Curso (Bacharelado em Ci{\^e}ncia da Computa{\c{c}}{\~a}o)",
	school = "Instituto de Inform{\'a}tica, Universidade Federal do Rio Grande do Sul",
	address = "Porto Alegre",
	pages = 82,
}
